
@Manual{ocl,
  title = 	 {OCL: the standard constraint language of the UML},
  OPTkey = 	 {},
  OPTauthor = 	 {},
  organization = {Klasse Objecten},
  address = 	 {\url{http://www.klasse.nl/ocl/index.html}},
  OPTedition = 	 {},
  OPTmonth = 	 {},
  year = 	 {2001},
  OPTnote = 	 {},
  OPTannote = 	 {}
}

@Manual{rose,
  title = 	 {Rational Rose},
  OPTkey = 	 {},
  OPTauthor = 	 {},
  organization = {Rational},
  address = 	 {\url{http://www.rational.com/products/rose/index.jsp}},
  OPTedition = 	 {},
  OPTmonth = 	 {},
  year = 	 {2001},
  OPTnote = 	 {},
  OPTannote = 	 {}
}

@Manual{javacc,
  title = 	 {Java Compiler Compiler},
  OPTkey = 	 {},
  OPTauthor = 	 {},
  organization = {WebGain},
  address = 	 {\url{http://www.webgain.com/products/metamata/java_doc.html}},
  OPTedition = 	 {},
  OPTmonth = 	 {},
  year = 	 {2001},
  OPTnote = 	 {},
  OPTannote = 	 {}
}

